% =============================================================================
% FILE NAME : bibliography.bib
% DEPARTMENT: University of Tuebingen
% AUTOR     : Paul Palomero Bernardo
% =============================================================================
% CONTENT   : Biliography file
% =============================================================================
@book{goodfellow_deep_2016,
	title = {Deep {Learning}},
	publisher = {MIT Press},
	author = {Goodfellow, Ian and Bengio, Yoshua and Courville, Aaron},
	year = {2016}
}
@online{webpage,
  %author = {Add author if known},
  title = {Lehrstuhl Eingebettete Systeme},
  year = 2022,
  url = {https://www.embedded.uni-tuebingen.de/home/},
  urldate = {2022-03-30}
}