% =============================================================================
% FILE NAME : bibliography.bib
% DEPARTMENT: University of Tuebingen
% AUTOR     : Tom Schammo
% =============================================================================
% CONTENT   : Biliography file
% =============================================================================
@online{rustlang,
  %author = {Add author if known},
  title = {Rust},
  year = 2022,
  url = {https://www.rust-lang.org/},
  urldate = {2022-11-30} }
@online{rust_releases,
  %author = {Add author if known},
  title = {Rust Releases},
  year = 2023,
  url = {https://github.com/rust-lang/rust/blob/master/RELEASES.md},
  urldate = {2023-01-09} }
@online{rust_popularity,
  %author = {Add author if known},
  title = {Stack Overflow programming language ranking 2020},
  year = 2023,
  url = {https://insights.stackoverflow.com/survey/2020#technology-most-loved-dreaded-and-wanted-languages-loved},
  urldate = {2023-01-09} }
@online{riscv,
  %author = {Add author if known},
  title = {RISC-V},
  year = 2022,
  url = {https://riscv.org/},
  urldate = {2022-12-06}
}
@book{riscv_spec,
	title = {The RISC-V Instruction Set Manual, Volume I: User-Level ISA, Document
Version 20191214-draf},
	author = {Andrew Waterman and Krste Asanovi´c, RISC-V International},
	year = {2019}
}
@online{
    isa,
    title = {What Is an Instruction Set Architecture?},
    year = 2023,
    url = {https://www.arm.com/glossary/isa}
    urldate = {2023-01-20}
}
@online{
    arm_architecture,
    title = {The ARM architecture},
    year = 2023,
    url = {https://www.arm.com/architecture}
    urldate = {2023-01-20}
}
@online{
    arm,
    title = {ARM},
    year = 2023,
    url = {https://www.arm.com/}
    urldate = {2023-01-20}
}
@online{
    arm_sale,
    title = {NVIDIA to Acquire Arm for \$40 Billion},
    year = 2020,
    url = {https://nvidianews.nvidia.com/news/nvidia-to-acquire-arm-for-40-billion-creating-worlds-premier-computing-company-for-the-age-of-ai}
    urldate = {2023-01-20}
}
@online{
    arm_sale_speculation,
    title = {Nvidia's ownership of ARM could drive customers to RISC-V},
    year = 2021,
    url = {https://www.zdnet.com/article/nvidias-ownership-of-arm-could-drive-customers-to-risc-v-other-alternatives-if-not-careful-says-xilinx-ceo/}
    urldate = {2023-01-20}
}
@online{
    arm_sale_called_off,
    title = {Nvidia calls off its efforts to acquire Arm},
    year = 2022,
    url = {https://techcrunch.com/2022/02/07/nvidia-calls-off-its-efforts-to-acquire-arm/?guccounter=1&guce_referrer=aHR0cHM6Ly9zZWFyY2guYnJhdmUuY29tLw&guce_referrer_sig=AQAAACrqqiFNB633Fpdf2nFTFnDw8Mc1-ozi_3gur01zxkwlxIMu12Ys1hYpWqOlT3nLe--ugw8RgutUNTOU3d-Kd1A9pvbDfUI9O5du56yDr6wBnVmfJHanhGxNmA0E-LE_AtcxqO9CqtH0QXdFwcorwy7wAoGhnr9_TXa90Rm1sRNI}
    urldate = {2023-01-20}
}
@online{memory_safety,
  %author = {Add author if known},
  title = {Memory Safety},
  year = 2019,
  url = {https://hacks.mozilla.org/2019/01/fearless-security-memory-safety/},
  urldate = {2022-12-09}
}
@online{rust_concurrency,
    title = {Concurrency in Rust},
    year = 2022,
    url = {https://doc.rust-lang.org/book/ch16-00-concurrency.html},
    urldate = {2022-12-14}
}
@online{rust_ownership,
    title = {Rusts ownership model},
    year = 2022,
    url = {https://doc.rust-lang.org/book/ch04-01-what-is-ownership.html},
    urldate = {2023-01-16}
}
@online{rust_borrow,
    title = {References and Borrowing},
    year = 2022,
    url = {https://doc.rust-lang.org/book/ch04-02-references-and-borrowing.html},
    urldate = {2023-01-15}
}
@online{rust_return,
    title = {Functions that return},
    year = 2023,
    url = {https://doc.rust-lang.org/book/ch03-03-how-functions-work.html#functions-with-return-values},
    urldate = {2023-01-14}
}
@online{rust_never_type,
    title = {The 'never' return type},
    year = 2023,
    url = {https://doc.rust-lang.org/book/ch19-04-advanced-types.html#the-never-type-that-never-returns},
    urldate = {2023-01-14}
}
@online{rust_no_std,
    title = {The absence of the standard library in embedded Rust},
    year = 2023,
    url = {https://docs.rust-embedded.org/book/intro/no-std.html},
    urldate = {2023-01-14}
}
@online{riscv_rt_entry,
    title = {riscv\_rt::entry},
    year = 2023,
    url = {https://docs.rs/riscv-rt/0.10.0/riscv_rt/attr.entry.html},
    urldate = {2023-01-14}
}
@online{pdm_texas,
    title = {Understanding PDM Digital Audio},
    year = 2022,
    url = {https://users.ece.utexas.edu/~bevans/courses/rtdsp/lectures/10_Data_Conversion/AP_Understanding_PDM_Digital_Audio.pdf},
    urldate = {2022-12-14}
}
@online{pulpissimo,
    title = {Pulpissimo GitHub},
    year = 2022,
    url = {https://github.com/pulp-platform/pulpissimo},
    urldate = {2022-12-23}
}
@online{alexa,
    title = {Amazon Alexa},
    year = 2022,
    url = {https://developer.amazon.com/en-GB/alexa},
    urldate = {2022-12-25}
}
@online{roomba,
    title = {Roomba},
    year = 2022,
    url = {https://www.irobot.com/en_US/roomba.html},
    urldate = {2022-12-25}
}
@online{autopilot,
    title = {Tesla Autopilot},
    year = 2022,
    url = {https://www.tesla.com/autopilot},
    urldate = {2022-12-25}
}
@ARTICLE{ultratrail,  author={Bernardo, Paul Palomero and Gerum, Christoph and Frischknecht, Adrian and Lübeck, Konstantin and Bringmann, Oliver},  journal={IEEE Transactions on Computer-Aided Design of Integrated Circuits and Systems},   title={UltraTrail: A Configurable Ultralow-Power TC-ResNet AI Accelerator for Efficient Keyword Spotting},   year={2020},  volume={39},  number={11},  pages={4240-4251},  doi={10.1109/TCAD.2020.3012320}}

@online{i2s,
    title = {I2S},
    year = 2022,
    url = {https://web.archive.org/web/20070102004400/http://www.nxp.com/acrobat_download/various/I2SBUS.pdf},
    urldate = {2022-12-25}
}

@online{pdm_utexas,
    title = {Understanding PDM Digital Audio},
    year = 2023,
    url = {https://users.ece.utexas.edu/~bevans/courses/rtdsp/lectures/10_Data_Conversion/AP_Understanding_PDM_Digital_Audio.pdf},
    urldate = {2023-01-03}
}
@online{java_garbage_collector,
    title = {Java Garbage Collection Basics},
    year = 2023,
    url = {https://www.oracle.com/webfolder/technetwork/tutorials/obe/java/gc01/index.html},
    urldate = {2023-01-09}
}
@book{rust_pulp,
    title = {Rust auf der RISCV Plattform PULPissimo – Entwicklung und Evaluation},
    author = {Raphael Vogelgsang},
    year = 2022
}
